
    <srw:record>
      <srw:recordSchema>InterXMarc_Complet</srw:recordSchema>
      <srw:recordPacking>xml</srw:recordPacking>
      <srw:recordData>

<record Numero="12086504" format="InterXMarc_Complet" type="Authority">
<leader>00598c1 ap2200027   45  <Pos Code="0004">00598</Pos>
<Pos Code="05" Sens="notice modifiée">c</Pos>
<Pos Code="06" Sens="notice validée en catalogage courant">1</Pos>
<Pos Code="08" Sens="notice d&apos;autorité">a</Pos>
<Pos Code="09" Sens="personne physique (PEP)">p</Pos>
<Pos Code="10">2</Pos>
<Pos Code="11">2</Pos>
<Pos Code="1216">00027</Pos>
<Pos Code="20">4</Pos>
<Pos Code="21">5</Pos>
</leader>
<controlfield tag="001">FRBNF120865048<Pos Code="0001">FR</Pos>
<Pos Code="0204">BNF</Pos>
<Pos Code="0512">12086504</Pos>
<Pos Code="13">8</Pos>
</controlfield>
<controlfield tag="008">880930040120frfrem          1954                           a 1   <Pos Code="0001">88</Pos>
<Pos Code="0203">09</Pos>
<Pos Code="0405">30</Pos>
<Pos Code="0607">04</Pos>
<Pos Code="0809">01</Pos>
<Pos Code="1011">20</Pos>
<Pos Code="1213" Sens="France">fr</Pos>
<Pos Code="1416" Sens="français">fre</Pos>
<Pos Code="17" Sens="Masculin">m</Pos>
<Pos Code="2831">1954</Pos>
<Pos Code="59" Sens="Responsabilité intellectuelle ou artistique">a</Pos>
<Pos Code="61" Sens="La vedette peut être liée à une notice bibliographique sauf pour l&apos;accès matière RAMEAU">1</Pos>
</controlfield>
<datafield tag="031" ind1=" " ind2=" ">
	<subfield code="a">0000000114391194</subfield>
	<subfield code="2" Sens="ISNI chargé à partir de la base ISNI">ISNI</subfield>
	<subfield code="d">20131217<Pos Code="0003">2013</Pos>
<Pos Code="0407" Sens="17 décembre">1217</Pos>
</subfield>
</datafield>
<datafield tag="045" ind1=" " ind2=" ">
	<subfield code="a" Sens="Auteur">a</subfield>
</datafield>
<datafield tag="100" ind1=" " ind2=" ">
	<subfield code="w"> 0 2b.....</subfield>
	<subfield code="a">Balac</subfield>
	<subfield code="d">1954-....</subfield>
</datafield>
<datafield tag="301" ind1=" " ind2=" ">
	<subfield code="3">12058246</subfield>
	<subfield code="w">.0..b.....</subfield>
	<subfield code="a">Lepennetier</subfield>
	<subfield code="d">1954-....</subfield>
</datafield>
<datafield tag="331" ind1=" " ind2=" ">
	<subfield code="3">12012817</subfield>
	<subfield code="w">.0.2b.....</subfield>
	<subfield code="a">Yann</subfield>
	<subfield code="d">1954-....</subfield>
</datafield>
<datafield tag="600" ind1=" " ind2=" ">
	<subfield code="a">Scénariste de bandes dessinées</subfield>
</datafield>
<datafield tag="610" ind1=" " ind2=" ">
	<subfield code="a">Sambre / Yslaire, Balac, 1986-</subfield>
</datafield>
<datafield tag="610" ind1=" " ind2=" ">
	<subfield code="a">Guide de la bande dessinée / Philippe Bronson, 1986 : Yann (Lepennetier Yann)</subfield>
	<subfield code="a">Dictionnaire de la bande dessinée / Henri Filippini, 1989 : Yann pseudonyme de Yan Lepennetier</subfield>
</datafield>
<datafield tag="907" ind1=" " ind2=" ">
	<subfield code="o">GEA</subfield>
	<subfield code="a">00205182X</subfield>
</datafield>
<datafield tag="917" ind1=" " ind2=" ">
	<subfield code="o">OPL</subfield>
	<subfield code="a">004144489</subfield>
</datafield>
<Attr Nom="IDPerenne">ark:/12148/cb120865049</Attr>
<Attr Nom="NumSource">GEA 00205182X</Attr>
<Attr Nom="Source" Sens="BnF catalogue général (depuis 1999)">A</Attr>
<Attr Nom="NbAutoritesTICLiees">1</Attr>
<Attr Nom="NbAutoritesTUMLiees">0</Attr>
<Attr Nom="NumAutoriteLiee">1205824612012817</Attr>
<Attr Nom="DateCreation">30/09/1988</Attr>
<Attr Nom="ResponsableCreation">MIGV1</Attr>
<Attr Nom="StructCreation">1</Attr>
<Attr Nom="DateDerniereValidation">17/12/2013</Attr>
<Attr Nom="ResponsableDerniereValidation">MIGV5</Attr>
<Attr Nom="StructPremiereValidation">1</Attr>
<Attr Nom="DatePremiereValidation">20/07/1993</Attr>
<Attr Nom="ResponsablePremiereValidation">MIGV1</Attr>
<Attr Nom="StructDerniereValidation">1</Attr>
<Attr Nom="NumSource" Rep="1">OPL 004144489</Attr>
</record>
      </srw:recordData>
      <srw:recordIdentifier>ark:/12148/cb120865049</srw:recordIdentifier>
      <srw:recordPosition>2</srw:recordPosition>
    </srw:record>
  </srw:records>
